<?xml version="1.0" encoding="UTF-8"?><record xmlns="http://www.loc.gov/MARC21/slim" xmlns:cinclude="http://apache.org/cocoon/include/1.0" xmlns:zs="http://www.loc.gov/zing/srw/">
  <leader>00362nz  a2200121n  4500</leader>
  <controlfield tag="001">n 2006005198</controlfield>
  <controlfield tag="003">DLC</controlfield>
  <controlfield tag="005">20060124111119.0</controlfield>
  <controlfield tag="008">060124n| acannaabn          |n aaa      </controlfield>
  <datafield tag="010" ind1=" " ind2=" ">
    <subfield code="a">n 2006005198</subfield>
  </datafield>
  <datafield tag="040" ind1=" " ind2=" ">
    <subfield code="a">DLC</subfield>
    <subfield code="b">eng</subfield>
    <subfield code="c">DLC</subfield>
  </datafield>
  <datafield tag="100" ind1="1" ind2=" ">
    <subfield code="a">Brown, Roger C.,</subfield>
    <subfield code="d">1935-</subfield>
  </datafield>
  <datafield tag="670" ind1=" " ind2=" ">
    <subfield code="a">Brown, Roger C. Requiem for the West, c2004:</subfield>
    <subfield code="b">t.p. (Roger C. Brown) jkt. (b. 1935, Boston, Mass.)</subfield>
  </datafield>
</record>